<?xml version="1.0" encoding="UTF-8"?><collection xmlns="http://www.loc.gov/MARC21/slim"><record><leader>00365nam--2200133-i-4500</leader><controlfield tag="001">000021810</controlfield><controlfield tag="002">20161230</controlfield><controlfield tag="005">20161230201034</controlfield><controlfield tag="008">060222s1000------------r-----000-0-eng-d</controlfield><datafield ind1=" " ind2=" " tag="245"><subfield code="a">Health physics</subfield></datafield><datafield ind1=" " ind2=" " tag="260"><subfield code="a">London, Pergamon Press, 1959. X + 602 P. + Xii</subfield></datafield><datafield ind1=" " ind2=" " tag="490"><subfield code="a">Progress In Nuclear Energy, Series Xii</subfield></datafield><datafield ind1=" " ind2=" " tag="700"><subfield code="a">Marley, W.G. And Morgan, K.Z</subfield></datafield><datafield ind1=" " ind2=" " tag="852"><subfield code="a">11190</subfield></datafield></record></collection>